@techreport{ahn_al2017,
@incollection{altonji_al2016,
  author = {Joseph G. Altonji and Peter Arcidiacono and Arnaud Maurel},
  title = {The Analysis of Field Choice in College and Graduate School: Determinants and Wage Effects},
  editor = {Eric A. Hanushek and Stephen Machin and Ludger Woessmann},
  series = {Handbook of the Economics of Education},
  publisher = {Elsevier},
  address = {Amsterdam},
  volume = {5},
  pages = {305--396},
  year = {2016},
  doi = {10.1016/B978-0-444-63459-7.00007-5}  title = {Equilibrium Grade Inflation with Implications for Female Interest in {STEM} Majors},
  author = {Ahn, Thomas and Arcidiacono, Peter and Hopson, Amy and Thomas, James},
  institution = {Duke University},
  type = {Working Paper},
  series = {Working Paper Series},
  year = {2017}
},

@techreport{aizerCunha2012,
  title = {The Production of Human Capital: Endowments, Investments and Fertility},
  author = {Anna Aizer and Fl{\'a}vio Cunha},
  institution = {National Bureau of Economic Research},
  type = {Working Paper},
  series = {Working Paper Series},
  number = {18429},
@article{Aenlle2018,
  author = {Aenlle, Conrad De},
  title = {A.I. Has Arrived in Investing. Humans Are Still Dominating},
  publisher= {The New York Times},
  year= {2018}
},

@article{Beatti2020,
  author = {Beattie, Andrew},
  title = {Understanding The History Of The Modern Portfolio},
  publisher= {Investopedia},
  year= {2020}
},

@article{Canady2020,
  author = {Canady, Dr. Tisa Silver},
  title = {How Interest Rate Cuts Affect Consumers},
  publisher= {Investopedia},
  year= {2020}
},

@article{Simon 197--272,
  author = {Simon Benninga},
  title = {Financial Modeling},
  volume = {4},
  publisher= {MIT Press},
  pages= {197--272}
  year= {2008}
},


@article{Malkie2017,
  author = {Malkiel, Burton G},
  title = {Index Funds Still Beat 'Active' Portfolio Management},
  publisher= {The Wall Street Journal},
  year= {2017}
},

@article{Patter2020,
  author = {Patterson, Scott, and Alexander Osipovich},
  title = {High-Frequency Traders Feast on Volatile Market},
  publisher= {The Wall Street Journal},
  year= {2020}
},


@article{Zucker2020,
  author = {Zuckerman, Gunjan Banerji and Gregory},
  title = {Why Are Markets So Volatile? It's Not Just the Coronavirus},
  publisher= {The Wall Street Journal},
  year= {2020}
}
